date,sales
4/4/2017,22326.19
4/5/2017,66494.23
4/6/2017,120907.34
4/7/2017,77551.32
4/10/2017,49659.79
4/11/2017,80035.71
4/12/2017,85031.43
4/13/2017,147020.91
4/17/2017,39247.47
4/18/2017,73640.62
4/19/2017,47668.4
4/20/2017,54460.54
4/21/2017,63182.41
4/24/2017,58352.52
4/25/2017,80801.24
4/26/2017,73983.04
4/27/2017,69830.43
4/28/2017,39568.53
5/1/2017,59066.52
5/2/2017,46510.42
5/3/2017,51066.97
5/4/2017,56734.78
5/5/2017,47545.01
5/8/2017,63575.51
5/9/2017,62651.55
5/10/2017,41173.54
5/11/2017,58370.77
5/12/2017,56655.47
5/15/2017,57377.35
5/16/2017,56503.01
5/17/2017,59320.53
5/18/2017,66862.89
5/19/2017,108422.98
5/22/2017,55605.06
5/23/2017,55586.16
5/24/2017,46784.19
5/25/2017,41991.98
5/26/2017,60171.95
5/30/2017,35012.03
5/31/2017,68178.28
6/1/2017,55187.42
6/2/2017,26816.82
6/5/2017,44114.29
6/6/2017,76622.8
6/7/2017,48267.39
6/8/2017,43652.71
6/9/2017,88297.19
6/12/2017,41874.67
6/13/2017,43188.21
6/14/2017,36640.74
6/15/2017,46186.61
6/16/2017,14638.74
6/19/2017,20713.18
6/20/2017,84141.67
6/21/2017,72524.78
6/22/2017,91242.61
6/23/2017,60171.28
6/26/2017,56389.47
6/27/2017,35991.83
6/28/2017,48179.97
6/29/2017,78267.81
6/30/2017,40277.19
7/5/2017,45043.75
7/6/2017,58891.97
7/7/2017,44536.36
7/10/2017,49672.98
7/11/2017,56013.49
7/12/2017,50133.86
7/13/2017,93241.84
7/14/2017,17590.92
7/17/2017,69616.61
7/18/2017,69532.48
7/19/2017,55299.63
7/20/2017,38026.2
7/21/2017,4011.04
7/24/2017,47827.23
7/25/2017,71323.22
7/26/2017,51954.85
7/27/2017,98510.7
7/28/2017,52077.2
7/31/2017,38198.14
8/1/2017,71475.1
8/2/2017,79281.05
8/3/2017,70141.45
8/4/2017,3154.6
8/7/2017,52339.27
8/8/2017,98676.49
8/9/2017,49204.82
8/10/2017,49663.44
8/11/2017,35025.88
8/14/2017,48520.02
8/15/2017,87455.76
8/16/2017,51211.46
8/17/2017,45747.56
8/18/2017,24899.79
8/21/2017,28937.27
8/22/2017,58610.49
8/23/2017,14468.17
8/24/2017,84020.97
8/25/2017,62257.88
8/28/2017,49272.05
8/29/2017,58719.65
8/30/2017,64518.61
8/31/2017,76199.64
9/1/2017,-67.76
9/5/2017,49608.8
9/6/2017,58574.22
9/7/2017,49961.37
9/8/2017,4818.19
9/11/2017,68622.89
9/12/2017,45944.4
9/13/2017,49446.95
9/14/2017,46161.21
9/15/2017,35358.84
9/18/2017,40761.09
9/19/2017,71074.63
9/20/2017,72101.91
9/21/2017,27444.64
9/22/2017,-40.49
9/25/2017,20288.69
9/26/2017,87605.95
9/27/2017,30215.22
9/28/2017,83989
9/29/2017,10751
10/2/2017,44458.47
10/3/2017,46409.89
10/4/2017,77750.93
10/5/2017,79314.97
10/6/2017,9380
10/9/2017,43248.69
10/10/2017,91396.43
10/11/2017,60984.52
10/12/2017,39798.42
10/13/2017,8885.56
10/16/2017,66936.03
10/17/2017,77450.15
10/18/2017,85590
10/19/2017,57650.13
10/20/2017,5561.84
10/23/2017,62539.16
10/24/2017,68768.32
10/25/2017,66955.26
10/26/2017,142423.82
10/27/2017,12385.4
10/30/2017,31704.4
10/31/2017,30441.38
11/1/2017,43527.12
11/2/2017,97260.99
11/3/2017,75913.22
11/6/2017,50642.37
11/7/2017,35394.36
11/8/2017,41711.05
11/9/2017,59166.13
11/10/2017,46536.54
11/13/2017,26828.98
11/14/2017,77091.06
11/15/2017,137291.87
11/16/2017,37864.93
11/17/2017,95088.59
11/20/2017,41967.99
11/21/2017,63693.55
11/22/2017,59782.85
11/27/2017,69471.82
11/28/2017,80616.58
11/29/2017,54770.61
11/30/2017,108453.26
12/1/2017,55252.92
12/4/2017,51581.51
12/5/2017,42544.91
12/6/2017,38335.02
12/7/2017,125278.75
12/8/2017,27584.75
12/11/2017,48766.74
12/12/2017,73325.53
12/13/2017,60836.12
12/14/2017,35890.52
12/15/2017,55090.17
12/18/2017,65218.44
12/19/2017,54015.63
12/20/2017,45990.89
12/21/2017,36568.11
12/22/2017,40528.47
12/27/2017,28290.34
12/28/2017,37231.84
1/2/2018,73826.08
1/3/2018,157407.34
1/4/2018,61954.82
1/5/2018,54647.8
1/8/2018,45685.2
1/9/2018,66058.74
1/10/2018,29238.78
1/11/2018,63442.25
1/12/2018,30320.64
1/15/2018,10987.15
1/16/2018,89340.87
1/17/2018,69207.68
1/18/2018,39386.86
1/19/2018,33788.61
1/22/2018,46519.46
1/23/2018,52762.65
1/24/2018,75040.77
1/25/2018,55034.48
1/26/2018,26086.76
1/29/2018,59491.7
1/30/2018,47982.23
1/31/2018,75396.12
2/1/2018,41947.27
2/2/2018,47228.31
2/5/2018,30382.19
2/6/2018,55071.1
2/7/2018,35055.63
2/8/2018,33074.93
2/9/2018,72050.55
2/12/2018,57534.1
2/13/2018,45377.68
2/14/2018,58317.02
2/15/2018,45622.38
2/16/2018,35933.58
2/19/2018,34805.57
2/20/2018,86404.59
2/21/2018,48107.42
2/22/2018,86429.96
2/23/2018,87124.64
2/26/2018,42250.14
2/27/2018,47842.71
2/28/2018,52961.99
3/1/2018,52185.11
3/2/2018,46796.11
3/5/2018,80302.76
3/6/2018,66104.02
3/7/2018,38355.36
3/8/2018,48423.81
3/9/2018,32411.29
3/12/2018,99024.52
3/13/2018,88365.39
3/14/2018,60513.81
3/15/2018,29699.66
3/16/2018,10851.39
3/19/2018,79670.04
3/20/2018,71525.75
3/21/2018,34610.02
3/22/2018,48697.38
3/23/2018,55828.66
3/26/2018,90639
3/27/2018,70283.8
3/28/2018,31484.46
3/29/2018,1933.99
4/2/2018,42041.46
4/3/2018,58237.94
4/4/2018,41535.32
4/5/2018,54371.97
4/6/2018,69801.49
4/9/2018,49887.58
4/10/2018,59415.68
4/11/2018,54267.1
4/12/2018,37890.66
4/13/2018,69866.51
4/16/2018,51531.58
4/17/2018,28627.59
4/18/2018,59180.27
4/19/2018,57900.86
4/20/2018,74456.95
4/23/2018,41709.13
4/24/2018,55241.17
4/25/2018,61993.34
4/26/2018,28879.54
4/27/2018,47304.88
4/30/2018,28655.18
5/1/2018,54615.19
5/2/2018,30544.27
5/3/2018,57862.06
5/4/2018,55061.76
5/7/2018,50157.58
5/8/2018,37558.11
5/9/2018,78858.57
5/10/2018,40663.28
5/11/2018,51910.31
5/14/2018,70280.46
5/15/2018,107412.12
5/16/2018,43652.64
5/17/2018,31310.63
5/18/2018,65817.43
5/21/2018,55695.86
5/22/2018,51311.07
5/23/2018,116763.58
5/24/2018,21735.98
5/25/2018,58959.89
5/29/2018,45545.09
5/30/2018,45702.92
5/31/2018,60160.37
6/1/2018,43104.55
6/4/2018,70116.29
6/5/2018,105059.95
6/6/2018,89498.34
6/7/2018,74484.85
6/11/2018,73509.61
6/12/2018,48305.96
6/13/2018,62457.56
6/14/2018,98315.66
6/18/2018,66018.57
6/19/2018,84160.33
6/20/2018,99970.91
6/21/2018,65163.85
6/25/2018,73405.65
6/26/2018,58518.1
6/27/2018,63308.13
6/28/2018,47630.35
7/2/2018,91278.72
7/3/2018,76052.82
7/5/2018,54001.34
7/6/2018,426.6
7/9/2018,40462.27
7/10/2018,83062.04
7/11/2018,109238.56
7/12/2018,43923.38
7/13/2018,38477.87
7/16/2018,40683.26
7/17/2018,104681.32
7/18/2018,45214.94
7/19/2018,66563.01
7/20/2018,20897.8
7/23/2018,73315.65
7/24/2018,62011.54
7/25/2018,44728.18
7/26/2018,48687.51
7/27/2018,22676.06
7/30/2018,58895.64
7/31/2018,68103.94
8/1/2018,84941.77
8/2/2018,64872.44
8/3/2018,386.4
8/6/2018,72157.24
8/7/2018,55622.81
8/8/2018,94939.86
8/9/2018,50126.22
8/10/2018,52311.7
8/13/2018,59533.13
8/14/2018,49116.6
8/15/2018,62778.03
8/16/2018,65809.76
8/17/2018,44785.34
8/20/2018,50108.6
8/21/2018,31294.58
8/22/2018,45910.25
8/23/2018,88629.74
8/24/2018,93886.77
8/27/2018,78424.85
8/28/2018,37999.24
8/29/2018,77987.32
8/30/2018,73646.6
8/31/2018,10326.76
9/4/2018,53033.97
9/5/2018,53525.73
9/6/2018,63160.14
9/7/2018,86210.35
9/10/2018,75709.32
9/11/2018,62689.25
9/12/2018,114174.31
9/13/2018,49053.26
9/14/2018,41618.88
9/17/2018,76730.3
9/18/2018,45926.83
9/19/2018,60979.39
9/20/2018,51042.56
9/21/2018,61282.85
9/24/2018,51079.95
9/25/2018,63119.4
9/26/2018,102090.57
9/27/2018,58000.45
9/28/2018,47242.85
10/1/2018,28506
10/2/2018,58047.38
10/3/2018,79682.31
10/4/2018,52603.26
10/5/2018,26011.07
10/8/2018,31867.24
10/9/2018,94045.62
10/10/2018,26568.56
10/11/2018,74203.87
10/12/2018,61440.47
10/15/2018,41042.55
10/16/2018,61494.38
10/17/2018,51834.43
10/18/2018,41042.85
10/19/2018,63884.97
10/22/2018,55093.23
10/23/2018,40842.72
10/24/2018,40930.08
10/25/2018,107909.72
10/26/2018,140285.41
10/29/2018,62474.11
10/30/2018,61855.73
10/31/2018,49999.02
11/1/2018,28293.59
11/2/2018,46821
11/5/2018,26919.2
11/6/2018,41612.72
11/7/2018,43453.48
11/8/2018,84857.75
11/9/2018,62837.05
11/12/2018,88774.48
11/13/2018,49895.73
11/14/2018,45826.05
11/15/2018,50460.57
11/16/2018,96350.39
11/19/2018,13471.3
11/20/2018,69910.13
11/21/2018,36555.49
11/26/2018,60121.2
11/27/2018,62967.06
11/28/2018,3677.42
11/29/2018,52165.13
11/30/2018,23496.83
12/3/2018,74786.14
12/4/2018,56587.82
12/5/2018,34504.14
12/6/2018,69590.77
12/10/2018,21119.38
12/11/2018,67038.59
12/12/2018,75842.24
12/13/2018,74425.92
12/14/2018,16092.26
12/17/2018,70012.82
12/18/2018,79680.46
12/19/2018,146600.87
12/20/2018,58651.22
12/21/2018,21397.25
12/27/2018,55855.63
12/28/2018,36557.31
1/2/2019,25713.9
1/3/2019,69255.31
1/4/2019,108114.66
1/7/2019,46382.98
1/8/2019,65227.78
1/9/2019,70323.32
1/10/2019,61416.41
1/11/2019,30019.69
1/14/2019,31171.51
1/15/2019,46479.09
1/16/2019,47192.44
1/17/2019,66879.25
1/18/2019,61265.1
1/21/2019,49335.94
1/22/2019,87149.13
1/23/2019,50695.18
1/24/2019,13965.45
1/25/2019,85490.59
1/28/2019,13535.02
1/29/2019,32353.75
1/30/2019,39847.11
1/31/2019,72230.99
2/1/2019,53630.69
2/4/2019,59613.5
2/5/2019,24102.3
2/6/2019,82835.93
2/7/2019,65435.87
2/8/2019,43877.29
2/11/2019,36578.84
2/12/2019,23033.43
2/13/2019,53551.83
2/14/2019,73704.56
2/15/2019,66959.09
2/18/2019,45274.27
2/19/2019,79846.63
2/20/2019,85086.97
2/21/2019,81018.13
2/22/2019,100908.46
2/25/2019,47720.05
2/26/2019,51190.32
2/27/2019,38576.43
2/28/2019,30609.23
3/1/2019,76354.64
3/4/2019,82893.72
3/5/2019,35354.85
3/6/2019,64526.2
3/7/2019,71605.26
3/8/2019,67890.4
3/11/2019,51002.78
3/12/2019,69943.88
3/13/2019,80118.39
3/14/2019,101219.91
3/15/2019,45025.77
3/18/2019,37134.22
3/19/2019,46377.97
3/20/2019,83757.6
3/21/2019,64863.45
3/22/2019,100789.38
3/25/2019,70595.94
3/26/2019,85399.26
3/27/2019,70032.65
3/28/2019,105381.86
3/29/2019,23378.89
4/1/2019,36913
4/2/2019,61280.88
4/3/2019,52632.95
4/4/2019,43217.77
4/5/2019,74851.41
4/8/2019,48602.46
4/9/2019,62963.83
4/10/2019,38338.64
4/11/2019,19210.8
4/12/2019,30031.76
4/15/2019,37847.17
4/16/2019,49071.79
4/17/2019,27662.1
4/18/2019,46922.56
4/19/2019,34080.4
4/22/2019,22773.21
4/23/2019,18150.62
4/24/2019,68722.56
4/25/2019,80410.84
4/26/2019,67776.73
4/29/2019,25010.66
4/30/2019,54664.35
5/1/2019,34046.26
5/2/2019,68312.82
5/3/2019,42307.06
5/6/2019,30798.39
5/7/2019,31031.49
5/8/2019,87640.87
5/9/2019,56778.84
5/10/2019,36079.14
5/13/2019,74352.38
5/14/2019,56157.7
5/15/2019,50514.53
5/16/2019,62816.56
5/17/2019,85412.17
5/20/2019,46229.61
5/21/2019,38134.79
5/22/2019,53435.92
5/23/2019,104814.84
5/24/2019,24613.11
5/28/2019,36883.6
5/29/2019,52603.81
5/30/2019,92228.73
5/31/2019,115427.32
6/3/2019,63459.68
6/4/2019,60960.14
6/5/2019,73684.88
6/6/2019,64528.71
6/7/2019,38080.91
6/10/2019,94833.28
6/11/2019,52802.09
6/12/2019,85010.06
6/13/2019,56311.65
6/14/2019,44890.99
6/17/2019,46811.19
6/18/2019,55809.51
6/19/2019,84506.72
6/20/2019,53613.18
6/21/2019,84928.91
6/24/2019,108127.19
6/25/2019,36799.66
6/26/2019,76480.28
6/27/2019,40929.39
6/28/2019,63041.02
7/1/2019,56402.52
7/2/2019,56368.13
7/3/2019,65592.79
7/8/2019,26949.51
7/9/2019,117570.77
7/10/2019,75472.93
7/11/2019,49505.56
7/12/2019,60230.1
7/15/2019,106727.32
7/17/2019,17067.72
7/18/2019,154474.93
7/19/2019,72683.83
7/22/2019,61303.07
7/23/2019,73884.66
7/24/2019,88238.14
7/25/2019,37602.11
7/26/2019,73054.94
7/30/2019,40909.86
7/31/2019,69777.25
8/1/2019,94870.58
8/2/2019,80413.75
8/5/2019,48539.51
8/6/2019,58131.11
8/7/2019,48094.67
8/8/2019,76409.76
8/9/2019,52875.93
8/12/2019,67923.41
8/13/2019,44940.28
8/14/2019,85315.36
8/15/2019,48072.57
8/16/2019,57891.62
8/19/2019,56235.37
8/20/2019,87150.03
8/21/2019,44797.11
8/22/2019,52029.47
8/23/2019,85079.74
8/26/2019,27848.81
8/27/2019,35389.55
8/28/2019,63289.49
8/29/2019,32853.21
8/30/2019,21312.3
9/3/2019,57543.37
9/4/2019,67697.69
9/5/2019,82681.76
9/6/2019,42092.03
9/9/2019,63258.6
9/10/2019,63127.18
9/11/2019,86868.71
9/12/2019,4069.5
9/13/2019,42789.19
9/16/2019,72688.72
9/17/2019,56578.41
9/18/2019,85896.78
9/19/2019,79733.66
9/20/2019,58665.14
9/23/2019,89795.55
9/24/2019,81802.22
9/25/2019,64197.88
9/26/2019,98257.95
9/27/2019,-14.1
9/30/2019,81041.73
10/1/2019,31937.49
10/2/2019,67672.67
10/3/2019,32845.28
10/4/2019,63607.92
10/7/2019,55761.02
10/8/2019,52042.82
10/9/2019,70615.53
10/10/2019,59325.33
10/11/2019,41658.88
10/14/2019,60173.41
10/15/2019,28337.32
10/16/2019,31504.47
10/17/2019,20740.81
10/18/2019,73489.01
10/21/2019,62924.13
10/22/2019,90501.25
10/23/2019,39072.08
10/24/2019,21007.11
10/25/2019,152235.54
10/28/2019,48783.77
10/29/2019,32748.13
10/30/2019,21736.1
10/31/2019,29671.59
11/1/2019,34623.71
11/4/2019,36964.33
11/5/2019,20094.47
11/6/2019,42753.83
11/7/2019,70366.37
11/8/2019,66212.74
11/11/2019,30501.03
11/12/2019,32120.89
11/13/2019,70178.24
11/14/2019,17496.48
11/15/2019,76966.35
11/18/2019,38716.03
11/19/2019,32474.35
11/20/2019,35356.04
11/21/2019,33187.69
11/22/2019,98501.52
11/25/2019,39629.38
11/26/2019,38707.23
11/27/2019,75458.87
12/2/2019,30601.3
12/3/2019,29978.5
12/4/2019,28165.37
12/5/2019,19933.61
12/6/2019,63140.29
12/9/2019,123700.62
12/10/2019,38547.53
12/11/2019,61785.41
12/12/2019,55527.92
12/13/2019,43506
12/16/2019,62410.16
12/17/2019,44402.43
12/18/2019,65451.7
12/19/2019,62576.88
12/20/2019,45764.48
12/23/2019,54588.2
12/26/2019,43748.57
12/27/2019,36600.55
12/30/2019,34652.66
1/2/2020,31015.69
1/3/2020,54743.52
1/6/2020,91811.48
1/7/2020,71287.13
1/8/2020,31579.78
1/9/2020,47277.33
1/10/2020,55684.43
1/13/2020,106362.34
1/14/2020,60311.64
1/15/2020,51443.57
1/16/2020,61738.09
1/17/2020,110788.49
1/20/2020,80723.92
1/21/2020,36930.98
1/22/2020,71255.86
1/23/2020,45935.93
1/24/2020,154293.9
1/25/2020,47652
1/27/2020,12394.44
1/28/2020,38207.27
1/29/2020,43418.13
1/30/2020,73783.24
1/31/2020,28772.92
2/3/2020,39706
2/4/2020,90743.66
2/5/2020,42458.35
2/6/2020,33888.14
2/7/2020,55001.32
2/10/2020,86060.68
2/11/2020,46133.41
2/12/2020,53440.39
2/13/2020,62342.51
2/14/2020,21876.9
2/17/2020,56216.32
2/18/2020,77465.13
2/19/2020,65771.39
2/20/2020,103367.13
2/21/2020,175387.96
2/24/2020,27525.52
2/25/2020,53555.24
2/26/2020,79804.76
2/27/2020,40512.55
2/28/2020,87069.19
3/2/2020,37553.39
3/3/2020,29164.63
3/4/2020,59895.68
3/5/2020,62215.18
3/6/2020,59065.99
3/9/2020,60145.31
3/10/2020,42819.3
3/11/2020,34119.38
3/12/2020,74197.78
3/13/2020,72969.34
3/16/2020,73208.05
3/17/2020,37341.88
3/18/2020,27842.53
3/19/2020,97553.53
3/20/2020,87256.94
3/23/2020,104884.57
3/24/2020,34223.2
3/25/2020,38510.01
3/26/2020,45884
3/27/2020,52974.85
3/30/2020,28806.16
3/31/2020,135845.64
4/1/2020,22461.73
4/2/2020,38959.53
4/3/2020,3611.08
4/6/2020,29743.43
4/7/2020,43609.77
4/8/2020,15410.78
4/9/2020,30518.23
4/10/2020,56157.59
4/13/2020,36351.68
4/14/2020,26449.35
4/16/2020,69386.83
4/17/2020,25942.43
4/20/2020,52053.93
4/21/2020,62958.23
4/22/2020,40027.93
4/23/2020,41673.45
4/24/2020,34031.9
4/27/2020,74128.19
4/28/2020,40541.21
4/29/2020,35328.14
4/30/2020,57439.6
5/1/2020,53654.01
5/4/2020,32513.7
5/5/2020,66020.95
5/6/2020,89796.4
5/7/2020,59094.83
5/8/2020,5296.24
5/11/2020,94283.65
5/12/2020,29273.63
5/13/2020,39602.53
5/14/2020,48982.32
5/15/2020,31428.53
5/18/2020,67755.47
5/19/2020,54756.51
5/20/2020,48992.2
5/21/2020,106003.44
5/22/2020,16424.47
5/26/2020,29753.23
5/27/2020,62512.73
5/28/2020,107396.73
5/29/2020,23542.66
6/1/2020,30086.93
6/2/2020,61026.19
6/3/2020,34286.64
6/4/2020,59829.15
6/5/2020,30559.8
6/8/2020,38120.58
6/9/2020,56822.06
6/10/2020,64137.19
6/11/2020,92875.65
6/12/2020,32661.76
6/15/2020,49511.01
6/16/2020,86914.33
6/17/2020,57244.34
6/18/2020,66358.9
6/19/2020,25413.84
6/22/2020,57362.79
6/23/2020,62459.36
6/24/2020,60784.77
6/25/2020,78446.73
6/26/2020,32350.08
6/29/2020,56009.37
6/30/2020,65692.51
7/1/2020,79690.67
7/2/2020,415.5
7/6/2020,54009.15
7/7/2020,32962.34
7/8/2020,67995.94
7/9/2020,44355.13
7/10/2020,7290.24
7/13/2020,36554.94
7/14/2020,38795.06
7/15/2020,105137.14
7/16/2020,65090.06
7/17/2020,3986.04
7/20/2020,59336.56
7/21/2020,85878.87
7/22/2020,64548.96
7/23/2020,50692.29
7/27/2020,91592.39
7/28/2020,68733.48
7/29/2020,72970.58
7/30/2020,59295.51
7/31/2020,16887.03
8/1/2020,-1201
8/3/2020,28379.59
8/4/2020,46965.07
8/5/2020,54205.22
8/6/2020,59255.48
8/7/2020,54972.26
8/10/2020,64427.93
8/11/2020,34758.29
8/12/2020,53514.35
8/13/2020,51215.81
8/14/2020,33665.45
8/17/2020,70795.31
8/18/2020,29298.66
8/19/2020,31516.53
8/20/2020,48171.02
8/21/2020,79954.02
8/24/2020,68093.93
8/25/2020,65373.24
8/26/2020,54491.11
8/27/2020,56045.41
8/28/2020,91754.07
8/31/2020,17259.55
9/1/2020,36074.26
9/2/2020,51656
9/3/2020,32954.3
9/4/2020,60301.67
9/8/2020,17551.84
9/9/2020,47539.74
9/10/2020,35479.76
9/11/2020,79409.09
9/14/2020,57869.5
9/15/2020,58187.07
9/16/2020,38086.95
9/17/2020,15813.63
9/18/2020,29208.88
9/21/2020,16914
9/22/2020,65491.69
9/23/2020,54860.63
9/24/2020,52009.99
9/25/2020,53335.27
9/28/2020,23682.94
9/29/2020,85602.05
9/30/2020,125892.51
10/1/2020,35017.05
10/2/2020,42225.8
10/5/2020,38482.03
10/6/2020,69489.9
10/7/2020,39868.6
10/8/2020,55699.51
10/9/2020,45466.55
10/12/2020,38398.75
10/13/2020,81077.74
10/14/2020,51682.03
10/15/2020,32574.46
10/16/2020,49743.63
10/19/2020,33734.03
10/20/2020,50137.01
10/21/2020,22944.9
10/22/2020,55836.84
10/23/2020,45105.78
10/24/2020,3586.4
10/26/2020,85462.53
10/27/2020,58319.94
10/28/2020,27087.44
10/29/2020,57083.96
10/30/2020,52414.89
11/2/2020,67461.1
11/3/2020,42883.49
11/4/2020,50504.17
11/5/2020,28360.24
11/6/2020,15941.8
11/9/2020,41748.48
11/10/2020,64246.68
11/11/2020,67824.54
11/12/2020,56900.95
11/13/2020,30069.3
11/16/2020,17176.78
11/17/2020,49940.74
11/18/2020,55864.13
11/19/2020,68124.47
11/20/2020,56809.02
11/23/2020,78917.59
11/24/2020,70396.45
11/25/2020,147266.22
11/30/2020,54191.1
12/1/2020,36383.72
12/2/2020,83773.73
12/3/2020,9994.73
12/4/2020,38765.16
12/7/2020,37191.46
12/8/2020,20650.03
12/9/2020,48348.38
12/10/2020,43421.76
12/11/2020,64678.3
12/14/2020,67720.46
12/15/2020,56664.83
12/16/2020,34521.32
12/17/2020,93944.02
12/18/2020,47864.07
12/21/2020,28236.01
12/22/2020,78026.08
12/23/2020,76911.18
12/28/2020,17675.28
12/29/2020,307
12/30/2020,16646.74
1/4/2021,29624.52
1/5/2021,62644.46
1/6/2021,53751.83
1/7/2021,42965.25
1/8/2021,53443.44
1/11/2021,81238.99
1/12/2021,68457.03
1/13/2021,46761.82
1/14/2021,28093.34
1/15/2021,73242.25
1/18/2021,67806.24
1/19/2021,63993.88
1/20/2021,46754.33
1/21/2021,64775.11
1/22/2021,51041.98
1/25/2021,63261.5
1/26/2021,105505.2
1/27/2021,64728.34
1/28/2021,70468.98
1/29/2021,48657.71
2/1/2021,31256.36
2/2/2021,59408.53
2/3/2021,87875.43
2/4/2021,64592.15
2/5/2021,88231.32
2/8/2021,66115.32
2/9/2021,51210
2/10/2021,50573.01
2/11/2021,37640.73
2/12/2021,53599.73
2/15/2021,46644.17
2/16/2021,64529.85
2/17/2021,26356.17
2/18/2021,38827.47
2/19/2021,42684.28
2/22/2021,55619.39
2/23/2021,42589.82
2/24/2021,87719.64
2/25/2021,173885.44
2/26/2021,81062.64
2/27/2021,14960
3/1/2021,60498.83
3/2/2021,51855.37
3/3/2021,39053.7
3/4/2021,46459.51
3/5/2021,26569.73
3/8/2021,65915.94
3/9/2021,38172
3/10/2021,62145.09
3/11/2021,49102.72
3/12/2021,64446.91
3/15/2021,54280.91
3/16/2021,50816.13
3/17/2021,44046.56
3/18/2021,42524.55
3/19/2021,41005.33
3/21/2021,-940
3/22/2021,102891.21
3/23/2021,54759.76
3/24/2021,80540.38
3/25/2021,60009.51
3/26/2021,52452.67
3/29/2021,6451.2
3/30/2021,187869.38
3/31/2021,106538.73
4/1/2021,17794.66
4/2/2021,25702.27
4/5/2021,25773.84
4/6/2021,48540.43
4/7/2021,30822.85
4/8/2021,41201.52
4/9/2021,22256.82
4/12/2021,83936.05
4/13/2021,40610.39
4/14/2021,27867.3
4/15/2021,40956.97
4/16/2021,34755.68
4/19/2021,63445.88
4/20/2021,36564.79
4/21/2021,22091.83
4/22/2021,51486.72
4/23/2021,11173.66
4/26/2021,61002.18
4/27/2021,107919.43
4/28/2021,72936.06
4/29/2021,66411.34
4/30/2021,156281.05
5/3/2021,77942.54
5/4/2021,49587.82
5/5/2021,41561.55
5/6/2021,69252.31
5/7/2021,19988.7
5/10/2021,86726.45
5/11/2021,62027.11
5/12/2021,47656.15
5/13/2021,54541.22
5/14/2021,64350.69
5/17/2021,130370.16
5/18/2021,54462.08
5/19/2021,34274.44
5/20/2021,75168.95
5/21/2021,53016.99
5/24/2021,99120.05
5/25/2021,70316.06
5/26/2021,57706.74
5/27/2021,76107.9
5/28/2021,77782.63
6/1/2021,53127.51
6/2/2021,42859.49
6/3/2021,16243.3
6/4/2021,27578.41
6/7/2021,28438.74
6/8/2021,83523.83
6/9/2021,12916.48
6/10/2021,-36300.25
6/11/2021,53148.58
6/14/2021,61785.4
6/15/2021,69845.21
6/16/2021,58337.49
6/17/2021,114915.33
6/18/2021,61443.08
6/21/2021,56329.02
6/22/2021,142021.83
6/23/2021,81598.38
6/24/2021,43023.65
6/25/2021,38632.67
6/28/2021,78519.65
6/29/2021,63255.4
6/30/2021,94301.11
7/1/2021,36668.68
7/2/2021,59424.11
7/6/2021,55491.31
7/7/2021,33444.45
7/8/2021,61858.1
7/9/2021,38528.34
7/12/2021,32215.7
7/13/2021,47076.28
7/14/2021,61044.25
7/15/2021,52124.47
7/16/2021,110077.83
7/19/2021,-3978.69
7/20/2021,27278.93
7/21/2021,51744.76
7/22/2021,42528.27
7/23/2021,112025.01
7/26/2021,47826.4
7/27/2021,26782
7/28/2021,98480.57
7/29/2021,66566.26
7/30/2021,104764.4
8/2/2021,39798.72
8/3/2021,26649.02
8/4/2021,116960.41
8/5/2021,51434.8
8/6/2021,56628.49
8/9/2021,118275.3
8/10/2021,39060.03
8/11/2021,58702.58
8/12/2021,20182.05
8/13/2021,40763.03
8/16/2021,41297.98
8/17/2021,57572.47
8/18/2021,50106.35
8/19/2021,114551.49
8/20/2021,45234.82
8/23/2021,85641.42
8/24/2021,60147.74
8/25/2021,60830.57
8/26/2021,156028.44
8/27/2021,82359.92
8/30/2021,31584.81
8/31/2021,99080.22
9/1/2021,54083.53
9/2/2021,35026.86
9/3/2021,33284.8
9/7/2021,48864.93
9/8/2021,53495.01
9/9/2021,60804.07
9/10/2021,63584.52
9/13/2021,47542.83
9/14/2021,52426.31
9/15/2021,33187.5
9/16/2021,-286.69
9/17/2021,156268.28
9/20/2021,26484.11
9/21/2021,36570.86
9/22/2021,39203.13
9/23/2021,94178.22
9/27/2021,52466.99
9/28/2021,63483.69
9/29/2021,75692.08
9/30/2021,83587.02
10/1/2021,79160.62
10/4/2021,146416.9
10/5/2021,75564.94
10/6/2021,63531.48
10/7/2021,54071.72
10/8/2021,59934.27
10/11/2021,77965.39
10/12/2021,39341.95
10/13/2021,26487.01
10/14/2021,41757.34
10/15/2021,40630.85
10/18/2021,65007.16
10/19/2021,77145.18
10/20/2021,116377.11
10/21/2021,41253.67
10/22/2021,89411.31
10/25/2021,49430.13
10/26/2021,94462.85
10/27/2021,72397.12
10/28/2021,89394.06
10/29/2021,136777.37
11/1/2021,52937.83
11/2/2021,46949.93
11/3/2021,56699.73
11/4/2021,64663.09
11/5/2021,48801.67
11/8/2021,51888.63
11/9/2021,63529.52
11/10/2021,51119.67
11/11/2021,28152.09
11/12/2021,73739.11
11/15/2021,97333.49
11/16/2021,55937.74
11/17/2021,19962.51
11/18/2021,54032.25
11/19/2021,62831.56
11/22/2021,46454.26
11/23/2021,43820.02
11/24/2021,138962.5
11/29/2021,84745.73
11/30/2021,55656.72
12/1/2021,62193.92
12/2/2021,65803.5
12/3/2021,82115.01
12/6/2021,119914.35
12/7/2021,65040.35
12/8/2021,27533.88
12/9/2021,12785.56
12/10/2021,61117.39
12/13/2021,20510.54
12/14/2021,9475.92
12/15/2021,59615.4
12/16/2021,88134.49
12/17/2021,99270.82
12/20/2021,94234.93
12/21/2021,61444.31
12/22/2021,56978.54
12/27/2021,23205.16
12/28/2021,33342.08
1/3/2022,59001.72
1/4/2022,75181.96
1/5/2022,73396.52
1/6/2022,62185.6
1/7/2022,68397.39
1/10/2022,69191.14
1/11/2022,57515.41
1/12/2022,61715.31
1/13/2022,64302.75
1/14/2022,79364.07
1/17/2022,80291.07
1/18/2022,92300.28
1/19/2022,71157.15
1/20/2022,38805.42
1/21/2022,78657.14
1/24/2022,116806.26
1/25/2022,73685.53
1/26/2022,47084.47
1/27/2022,77693.2
1/28/2022,79558.19
1/31/2022,71053.61
2/1/2022,80516.2
2/2/2022,31314.56
2/3/2022,-227.74
2/4/2022,72650.18
2/7/2022,83746.64
2/8/2022,46135.15
2/9/2022,65700.58
2/10/2022,162167.1
2/11/2022,99505.66
2/14/2022,65185.13
2/15/2022,134659.95
2/16/2022,62793.1
2/17/2022,60216.41
2/18/2022,32526.42
2/21/2022,67869.79
2/22/2022,121124.19
2/23/2022,108523.58
2/24/2022,88709.94
2/25/2022,93468.37
2/28/2022,32870.89
3/1/2022,87233.52
3/2/2022,57377.51
3/3/2022,77735.6
3/4/2022,99625.25
3/7/2022,108824.16
3/8/2022,120722.22
3/9/2022,77578.36
3/10/2022,50139.9
3/11/2022,47281.16
3/14/2022,95505.33
3/15/2022,74739.56
3/16/2022,65484.88
3/17/2022,75020.58
3/18/2022,75810.11
3/21/2022,53857.7
3/22/2022,94533.4
3/23/2022,131838.77
3/24/2022,94611.35
3/28/2022,90285.87
3/29/2022,70480.42
3/30/2022,135016.28
3/31/2022,304516.39
4/1/2022,34479.97
4/4/2022,58377.48
4/5/2022,76513.26
4/6/2022,151248.88
4/7/2022,54338.55
4/8/2022,75786.13
4/11/2022,112667.97
4/12/2022,81476.04
4/13/2022,88907.16
4/14/2022,70192.69
4/18/2022,73016.23
4/19/2022,80776.93
4/20/2022,35054.18
4/21/2022,143624.75
4/22/2022,105270.71
4/25/2022,122066.88
4/26/2022,109389.69
4/27/2022,67313.34
4/28/2022,114287.03
4/29/2022,336.14
5/2/2022,58730.96
5/3/2022,65513.67
5/4/2022,92362.39
5/5/2022,104214.47
5/6/2022,56544.77
5/9/2022,24998.26
5/10/2022,134182.86
5/11/2022,95862.73
5/12/2022,88190.35
5/13/2022,103290.62
5/16/2022,106374
5/17/2022,130459.16
5/18/2022,79699.31
5/19/2022,126495.31
5/20/2022,50115.65
5/23/2022,91580.71
5/24/2022,39361.98
5/25/2022,60054.09
5/26/2022,48616.91
5/27/2022,68742.42
5/28/2022,-1907.4
5/31/2022,65356.56
6/1/2022,88022.26
6/2/2022,110525.32
6/3/2022,96270.73
6/6/2022,109157.54
6/7/2022,101300.4
6/8/2022,70535.23
6/9/2022,96075.02
6/10/2022,107611.17
6/13/2022,75006.83
6/14/2022,85710.72
6/15/2022,93811.61
6/16/2022,59323.69
6/17/2022,89821.86
6/20/2022,59865.4
6/21/2022,71647.22
6/22/2022,99574.76
6/23/2022,124734.64
6/24/2022,73795.52
6/27/2022,83508.17
6/28/2022,97666.43
6/29/2022,52214.73
6/30/2022,75241.79
7/1/2022,58749.11
7/5/2022,112149.06
7/6/2022,33981.01
7/7/2022,77011.44
7/8/2022,99276.6
7/11/2022,70177.69
7/12/2022,117592.06
7/13/2022,159267.77
7/14/2022,81849.49
7/15/2022,69889.37
7/18/2022,103317.77
7/19/2022,84312.6
7/20/2022,101643.74
7/21/2022,48741.63
7/22/2022,52011.68
7/25/2022,60965.8
7/26/2022,51685.43
7/27/2022,58332.22
7/28/2022,74551.33
7/29/2022,69594.04
8/1/2022,11400.35
8/2/2022,67513.16
8/3/2022,46122.12
8/4/2022,49149.72
8/5/2022,23494.99
8/8/2022,42007.03
8/9/2022,43284.15
8/10/2022,47063.32
8/11/2022,90272.09
8/12/2022,44412.65
8/15/2022,34896.26
8/16/2022,96912.44
8/17/2022,77371.07
8/18/2022,159488.24
8/19/2022,129262.92
8/22/2022,109339.49
8/23/2022,88840.9
8/24/2022,119007.4
8/25/2022,73587.08
8/26/2022,62455.9
8/29/2022,65669.96
8/30/2022,50941.72
8/31/2022,91225.69
9/1/2022,29903.95
9/2/2022,52785.49
9/6/2022,20326.96
9/7/2022,42987.08
9/8/2022,69311.84
9/9/2022,201356.61
9/12/2022,49598.6
9/13/2022,42479.48
9/14/2022,88964.68
9/15/2022,46791.79
9/16/2022,138518.15
9/19/2022,136834.24
9/20/2022,117315.49
9/21/2022,116252.27
9/22/2022,97260.77
9/26/2022,17773.3
9/27/2022,121952.83
9/28/2022,135984.82
9/29/2022,114149.59
9/30/2022,99357.39
10/3/2022,68251.67
10/4/2022,95809.85
10/5/2022,68999.56
10/6/2022,24256.73
10/7/2022,36539.37
10/10/2022,99899.35
10/11/2022,60206.65
10/12/2022,104300.84
10/13/2022,124362.57
10/14/2022,67257.29
10/15/2022,0
10/17/2022,154438.46
10/18/2022,108005.01
10/19/2022,63096.76
10/20/2022,153555.65
10/21/2022,91597.19
10/24/2022,142372.25
10/25/2022,44665.43
10/26/2022,31670.26
10/27/2022,4610.17
10/31/2022,246841.46
11/1/2022,119625.13
11/2/2022,102814.12
11/3/2022,67058.39
11/4/2022,85082.85
11/7/2022,38311.67
11/8/2022,76494.65
11/9/2022,63678.96
11/10/2022,70067.66
11/11/2022,86226.72
11/14/2022,82734.83
11/15/2022,128700.68
11/16/2022,91052
11/17/2022,130204.42
11/18/2022,31207.85
11/21/2022,123329.09
11/22/2022,66343.01
11/23/2022,10969.45
11/28/2022,33866.58
11/29/2022,96182.32
11/30/2022,105971.39
12/1/2022,68103.41
12/2/2022,70377.58
12/5/2022,141900.09
12/6/2022,123252.27
12/7/2022,92670.82
12/8/2022,110552.9
12/9/2022,80156.28
12/12/2022,50913.21
12/13/2022,87763.76
12/14/2022,88896.71
12/15/2022,116814.45
12/16/2022,75864.79
12/19/2022,125552.86
12/20/2022,104199.48
12/21/2022,23452.93
12/22/2022,28205.92
1/2/2023,44190.05
1/3/2023,135966.86
1/4/2023,56082.94
1/5/2023,57614.91
1/6/2023,113382.34
1/9/2023,41677.46
1/10/2023,72333.21
1/11/2023,108308.38
1/12/2023,43623.82
1/13/2023,76419.77
1/16/2023,74129.42
1/17/2023,85314.31
1/18/2023,79006.91
1/19/2023,73051.09
1/20/2023,75976.1
1/23/2023,74239.13
1/24/2023,75029.97
1/25/2023,115143.12
1/26/2023,97480.5
1/27/2023,75142.66
1/30/2023,50425.69
1/31/2023,91220.87
2/1/2023,96534.68
2/2/2023,65560.98
2/3/2023,60012.4
2/6/2023,15037.88
2/7/2023,70880.7
2/8/2023,95668.56
2/9/2023,48950.42
2/10/2023,84195.94
2/13/2023,21512.53
2/14/2023,144591.04
2/15/2023,44852.81
2/16/2023,6201.52
2/17/2023,32916.52
2/20/2023,21277.1
2/21/2023,129464.88
2/22/2023,152630.98
2/23/2023,71584.6
2/24/2023,74974.62
2/27/2023,32665.79
2/28/2023,24812.3
3/1/2023,80283.25
3/2/2023,61381.61
3/3/2023,173124.9
3/6/2023,1444.1
3/7/2023,76727.72
3/8/2023,92083.67
3/9/2023,114579.95
3/10/2023,75499.53
3/13/2023,95273.89
3/14/2023,124430.36
3/15/2023,88563.83
3/16/2023,42729.8
3/17/2023,40848.22
3/20/2023,42820.78
3/21/2023,77569.61
3/22/2023,41654.8
3/23/2023,11458.97
3/27/2023,19861.61
3/28/2023,51823.72
3/29/2023,133314.02
3/30/2023,36302.57
3/31/2023,1071
4/3/2023,35680.82
4/4/2023,41754.25
4/5/2023,125836.44
4/6/2023,50331.41
4/7/2023,57342.04
4/10/2023,34918.58
4/11/2023,96066.93
4/12/2023,118923.03
4/13/2023,49136.73
4/14/2023,46996.03
4/17/2023,55807.56
4/18/2023,164346.24
4/19/2023,94442.03
4/20/2023,75998.68
4/21/2023,35825.31
4/24/2023,51199.91
4/25/2023,106530.19
4/26/2023,84581.3
4/27/2023,54501.79
4/28/2023,28545.48
5/1/2023,72394
5/2/2023,40346.8
5/3/2023,70214.97
5/4/2023,66932.85
5/5/2023,37704.2
5/8/2023,71498.86
5/9/2023,81782.2
5/10/2023,48188.71
5/11/2023,52118.86
5/12/2023,112513.12
5/15/2023,74386.07
5/16/2023,91627.05
5/17/2023,35064
5/18/2023,31141.61
5/19/2023,46962.43
5/22/2023,73027.73
5/23/2023,106397.27
5/24/2023,52378.62
5/25/2023,133609.13
5/26/2023,8551.31
5/30/2023,57589.53
5/31/2023,74451.58
6/1/2023,38639.3
6/2/2023,65670.69
6/5/2023,24135.46
6/6/2023,113950.61
6/7/2023,55802.81
6/8/2023,18139.39
6/9/2023,81208.99
6/12/2023,70284.04
6/13/2023,85941.76
6/14/2023,80561.75
6/15/2023,37485.03
6/16/2023,40654.43
6/19/2023,32985.05
6/20/2023,115498.82
6/21/2023,68259.37
6/22/2023,39099.36
6/23/2023,102295.64
6/26/2023,120110.03
6/27/2023,94415.85
6/28/2023,87578.75
6/29/2023,75619.8
6/30/2023,23646.32
7/3/2023,24937.15
7/5/2023,86687.21
7/6/2023,72914.24
7/7/2023,28519.29
7/10/2023,46633.44
7/11/2023,95240.37
7/12/2023,5485.79
7/13/2023,8733.93
7/14/2023,7908.09
7/17/2023,61378.92
7/18/2023,-15769.86
7/19/2023,82212.39
7/20/2023,167126.52
7/21/2023,61791.68
7/24/2023,44851.53
7/25/2023,50623.11
7/26/2023,78578.94
7/27/2023,130071.1
7/28/2023,65092.37
7/31/2023,44810.32
8/1/2023,78921.88
8/2/2023,51666.69
8/3/2023,73797.94
8/4/2023,35649.9
8/7/2023,52014.8
8/8/2023,114949.2
8/9/2023,63775.02
8/10/2023,47430.1
8/11/2023,33525.25
8/14/2023,73957.78
8/15/2023,94979.12
8/16/2023,41553.52
8/17/2023,30415.13
8/18/2023,16584.53
8/21/2023,83943.73
8/22/2023,133308
8/23/2023,79245.61
8/24/2023,69623.34
8/25/2023,55264.51
8/28/2023,38508.58
8/29/2023,169457.87
8/30/2023,52818.68
8/31/2023,92830.68
9/1/2023,82542.22
9/5/2023,105784.59
9/6/2023,29750.75
9/7/2023,194911.52
9/8/2023,69251.34
9/11/2023,19607.99
9/12/2023,102128.51
9/13/2023,65179.72
9/14/2023,57402.37
9/15/2023,80594.21
9/18/2023,43387.16
9/19/2023,92071.41
9/20/2023,131421.44
9/21/2023,72466.05
9/25/2023,30986.37
9/26/2023,91718.23
9/27/2023,76334.6
9/28/2023,25091.16
9/29/2023,39075.77
10/2/2023,23187.31
10/3/2023,126081.27
10/4/2023,33278.3
10/5/2023,98528.38
10/6/2023,27819.01
10/9/2023,17793.46
10/10/2023,108702.92
10/11/2023,107275.03
10/12/2023,38284.44
10/13/2023,85297.47
10/16/2023,36207.58
10/17/2023,79062.08
10/18/2023,71150.31
10/19/2023,56029.11
10/20/2023,133262.67
10/23/2023,26632.89
10/24/2023,110867.46
10/25/2023,87801.19
10/26/2023,62274.66
10/27/2023,39106.84
10/30/2023,62106.02
10/31/2023,79527.07
11/1/2023,10682.55
11/2/2023,70350.96
11/3/2023,73533.38
11/6/2023,117967.09
11/7/2023,89509.51
11/8/2023,27627.78
11/9/2023,40983.04
11/10/2023,38649.37
11/13/2023,10983.33
11/14/2023,94688.59
11/15/2023,62631.87
11/16/2023,53907.17
11/17/2023,131259.31
11/20/2023,45681.45
11/21/2023,83238.5
11/22/2023,40692.9
11/27/2023,9581.56
11/28/2023,104350.71
11/29/2023,56603.47
11/30/2023,53379.13
12/1/2023,54883.36
12/4/2023,18522.2
12/5/2023,153367.27
12/6/2023,108389.72
12/7/2023,51255.21
12/8/2023,44641.2
12/11/2023,85331.23
12/12/2023,91015.06
12/13/2023,27008.64
12/14/2023,110513.42
12/15/2023,51595.39
12/18/2023,118660.63
12/19/2023,157952.57
12/20/2023,28188.61
12/21/2023,14277.99
12/22/2023,39461.91
1/2/2024,104256.03
1/3/2024,84030.21
1/4/2024,95621.1
1/5/2024,75256.27
1/8/2024,90159.35
1/9/2024,121048.96
1/10/2024,68315.02
1/11/2024,74073.7
1/12/2024,76194.24
1/15/2024,39130.82
1/16/2024,108570.22
1/17/2024,59048.89
1/18/2024,29581.59
1/19/2024,8633.56
1/22/2024,41578.13
1/23/2024,156935.5
1/24/2024,100063.35
1/25/2024,116344.26
1/26/2024,72947.56
1/29/2024,25167.26
1/30/2024,128464.6
1/31/2024,64341.87
2/1/2024,63088.55
2/2/2024,24120.66
2/5/2024,91611.64
2/6/2024,110068.02
2/7/2024,24228.81
2/8/2024,113269.83
2/9/2024,41224.7
2/12/2024,77104.89
2/13/2024,139561.5
2/14/2024,96256.24
2/15/2024,64788.23
2/16/2024,118151.65
2/19/2024,19183.28
2/20/2024,36035.84
2/21/2024,113608.76
2/22/2024,28038.67
2/23/2024,56597.26
2/26/2024,108635.88
2/27/2024,79823.73
2/28/2024,55828
2/29/2024,56561.51
3/1/2024,86960.72
3/4/2024,117839.23
3/5/2024,129470.78
3/6/2024,142892.74
3/7/2024,107605.46
3/8/2024,23503.88
3/11/2024,127744.39
3/12/2024,177008.01
3/13/2024,43865.29
3/14/2024,48816.78
3/15/2024,8336.54
3/18/2024,115677.18
3/19/2024,222003.49
3/20/2024,107878.75
3/21/2024,40124.79
3/25/2024,42051.27
3/26/2024,41170.68
3/27/2024,77369.37
3/28/2024,94271.21
3/29/2024,501195.41
4/1/2024,31303.3
4/2/2024,56641.11
4/3/2024,92891.91
4/4/2024,192487.17
4/5/2024,65377.54
4/8/2024,98187.95
4/9/2024,346837.4
4/10/2024,81364.72
4/11/2024,50488.63
4/12/2024,46890.97
4/15/2024,32442.49
4/16/2024,102462.83
4/17/2024,35279.52
4/18/2024,79301.65
4/19/2024,15791.74
4/22/2024,25976.97
4/23/2024,51339.2
4/24/2024,102289.29
4/25/2024,168725.63
4/26/2024,25090.66
4/29/2024,99708.97
4/30/2024,105344.91
5/1/2024,18796.43
5/2/2024,37251.43
5/3/2024,92644.49
5/6/2024,64132.73
5/7/2024,90851.67
5/8/2024,260462.96
5/9/2024,108479.54
5/10/2024,81881.25
5/13/2024,33603.22
5/14/2024,467142.01
5/15/2024,123969.15
5/16/2024,65940.43
5/17/2024,40063.16
5/20/2024,100408.43
5/21/2024,12605.06
5/22/2024,10539.33
5/23/2024,86283.47
5/24/2024,61722.8
5/28/2024,36829.24
5/29/2024,29819.53
5/30/2024,66624.3
5/31/2024,49536.49
6/3/2024,37993.34
6/4/2024,113348.71
6/5/2024,88718.52
6/6/2024,71205.08
6/7/2024,361344.29
6/10/2024,58352.14
6/11/2024,43185.24
6/12/2024,47396.87
6/13/2024,312122.7
6/14/2024,18123.22
6/17/2024,39215.78
6/18/2024,101079.8
6/19/2024,59565.72
6/20/2024,116986.95
6/21/2024,128724.59
6/24/2024,55324.22
6/25/2024,67268.45
6/26/2024,51341.82
6/27/2024,48845.51
6/28/2024,56966.1
